@preamble{"
\def\articleno#1{Article #1}
\def\paperno#1{Paper #1}
\def\toappear{To appear}
\def\eatnexttoken#1{} 
\def\pubmit{The MIT Press}
\def\pubieee{IEEE}
\def\pubacm{ACM}
\def\pubwiley{John Wiley \& Sons, Ltd.}
\def\pubspringer{Springer}
\def\pubelsevier{Elsevier}
\def\pubmorgankaufmann{Morgan Kaufmann}
\def\pubemerald{Emerald Group Publishing Limited}
\def\journalspae{Software---Practice and Experience}
\def\journalsoftware{IEEE Software}
\def\journalcacm{Communications of the ACM}
\def\journaljvlc{Journal of Visual Languages and Computing}
\def\journalmms{International Journal of Man-Machine Studies}
\def\journaltosem{ACM Transactions on Software Engineering and Methodology}
\def\journaltse{IEEE Transactions on Software Engineering}
\def\journaltochi{ACM Transactions on Computer-Human Interaction}
\def\journalsigplan{ACM SIGPLAN Notices}
\def\journaltog{ACM Transactions on Graphics}
\def\journaltvcg{ACM Transactions of Visualization and Computer Graphics}
\def\confinteract{Proceedings of the International Conference on Human-Computer Interaction}
\def\confoopsla{Proceedings of the Conference on Object-Oriented Programming Systems, Languages, and Applications}
\def\confpldi{Proceedings of the Conference on Programming Language Design and Implementation}
\def\confcscw{Proceedings of the Conference on Computer-Supported Cooperative Work and Social Computing}
\def\confpopl{Proceedings of SIGPLAN Symposium on Principles of Programming Languages}
\def\conficsme{Proceedings of the International Conference on Software Maintenance and Evolution}
\def\conffsesymposium{Proceedings of the International Symposium on Foundations of Software Engineering}
\def\conffsemeeting{Proceedings of the Joint Meeting on Foundations of Software Engineering}
\def\conficsm{Proceedings of the International Conference on Software Maintenance}
\def\confcgit{Proceedings of the International Conference on Computer Graphics and Interactive Techniques}
\def\confaaai{Proceedings of the AAAI Conference on Artificial Intelligence}
\def\confchi{Proceedings of the CHI Conference on Human Factors in Computing Systems}
\def\confemnlp{Proceedings of the Conference on Empirical Methods in Natural Language Processing}
\def\confiui{Proceedings of the International Conference on Intelligent User Interfaces}
\def\confuist{Proceedings of the Symposium on User Interface Software and Technology}
\def\confase{Proceedings of the International Conference on Automated Software Engineering}
\def\confissta{Proceedings of the International Symposium on Software Testing and Analysis}
\def\conffase{Proceedings of the International Conference on Fundamental Approaches to Software Engineering}
\def\conficpc{Proceedings of the International Conference on Program Comprehension}
\def\conficse{Proceedings of the International Conference on Software Engineering}
\def\confchase{Proceedings of the International Workshop on Cooperative and Human Aspects of Software Engineering}
\def\confacl{Proceedings of the Annual Meeting of the Association for Computational Linguistics}
\def\confvlhcc{Proceedings of the Symposium on Visual Languages and Human-Centric Computing}
\def\conflas{Proceedings of the Conference on Learning at Scale}
\def\confisese{Proceedings of the International Symposium on Empirical Software Engineering}
\def\confsigcse{Proceedings of the Technical Symposium on Computer Science Education}
\def\confwcre{Proceedings of the Working Conference on Reverse Engineering}
\def\confhatra{Proceedings the Workshop on Human Aspects of Types and Reasoning Assistants}
\def\confonward{Proceedings the Symposium on New Ideas in Programming and Reflections on Software}
\def\confvldb{Proceedings of the International Conference on Very Large Data Bases}
"}

% seems unused
@manual{CSS,
  title        = {Descriptions of all CSS specifications},
  author       = {Cascading Style Sheets working group},
  organization = {W3C},
  url          = {https://www.w3.org/Style/CSS/specs.en.html},
  edition      = {2.1},
  year         = {2021}
}

@manual{MarkdownIt,
  author = {Open-source contributors},
  title = {markdown-it},
  url = {https://github.com/markdown-it/markdown-it},
  lastaccessed = {July 22, 2023}

}

% zed pls check this`
@manual{jupyterlab-katex,
  author       = {Project Jupyter},
  title        = {jupyter-renderers},
  url = {https://github.com/jupyterlab/jupyter-renderers},
  lastaccessed = {July 22, 2023}
}

@manual{UnixMan,
  author       = {Bell Labs},
  title        = {Unix Programmer's Manual},
  url          = {https://www.bell-labs.com/usr/dmr/www/man71.pdf},
    lastaccessed = {July 22, 2023}
}

@manual{Peggy,
  author       = {David Majda, Joe Hildebrand, and open-source contributors},
  title        = {Peggy},
  url          = {https://peggyjs.org/index.html},
    lastaccessed = {July 22, 2023}
}


@article{LmmR,
  title={An introduction to linear mixed-effects modeling in R},
  author={Brown, Violet A.},
  journal={Advances in Methods and Practices in Psychological Science},
  volume={4},
  number={1},
  year={2021},
  publisher={SAGE Publications}
}


@article{Satterthwaite,
 author = {Satterthwaite, F. E.},
 journal = {Biometrics Bulletin},
 number = {6},
 pages = {110--114},
 publisher = {\pubwiley},
 title = {An Approximate Distribution of Estimates of Variance Components},
 volume = {2},
 year = {1946}
}


@online{ref:murad2020navierstokes,
  title        = {Derivation of the Navier-Stokes Equations},
  author       = {Murad, Jousef},
  url = {https://www.youtube.com/watch?v=zWdnf3Uh1RE},
  lastaccessed = {July 22, 2023}
}


@article{Holm,
 author = {Sture Holm},
 journal = {Scandinavian Journal of Statistics},
 number = {2},
 pages = {65--70},
 publisher = {\pubwiley},
 title = {A Simple Sequentially Rejective Multiple Test Procedure},
 volume = {6},
 year = {1979}
}


@article{Wilcoxon,
 author = {Frank Wilcoxon},
 journal = {Biometrics Bulletin},
 number = {6},
 pages = {80--83},
 publisher = {\pubwiley},
 title = {Individual Comparisons by Ranking Methods},
 volume = {1},
 year = {1945}
}


@book{think-aloud,
  title={Using the ``thinking-aloud'' method in cognitive interface design},
  author={Lewis, Clayton},
  year={1982},
  publisher={IBM TJ Watson Research Center Yorktown Heights, NY}
}



@article{fisher,
  title={On the interpretation of $\chi$2 from contingency tables, and the calculation of P},
  author={Fisher, Ronald A.},
  journal={Journal of the royal statistical society},
  volume={85},
  number={1},
  pages={87--94},
  year={1922},
  publisher={JSTOR}
}


@online{tool:overleaf,
  author       = {Digital Science UK Ltd.},
  title        = {Overleaf},
  url = {https://www.overleaf.com/},
  lastaccessed = {July 22, 2023}
}


@manual{tool:svg,
  author       = {W3C},
  title        = {SVG},
  url = {https://www.w3.org/TR/SVG2/},
  lastaccessed = {July 22, 2023}
}


@online{W4,
  title = {An Interactive Guide To The Fourier Transform},
  author = {Kalid Azad},
  url = {https://betterexplained.com/articles/an-interactive-guide-to-the-fourier-transform},
  lastaccessed = {July 25, 2023}
}

@inproceedings{mohammed2020continuous,
  title = {Continuous Prefetch for Interactive Data Applications},
  author = {Mohammed, Haneen and Wei, Ziyun and Wu, Eugene and Netravali, Ravi},
  year = {2020},
  issue_date = {August 2020},
  booktitle = {\confvldb},
  publisher = {VLDB Endowment},
  volume = {13},
  number = {12},
}